@article{Newman,
  title={The mathematics of networks},
  author={Mark EJ Newman},
  journal={The new palgrave encyclopedia of
economics, 2(2008):1–12},
  year={2008}
}
@article{Leskovec,
  title={Learning to discover social circles in ego networks},
  author={Jure Leskovec and Julian Mcauley},
  journal={Advances in neural information processing systems, 25},
  year={2012}
}
@article{Zachary,
  title={An information flow model for conflict and fission in small groups},
  author={Wayne W Zachary},
  journal={Journal of anthropological research, 33(4):452–473},
  year={1977}
}
@book{Burden,
  title={Numerical Analysis},
  author={Richard L Burden and J Douglas Faires},
  year={2000}
}
@book{Ford,
  title={Flows in networks},
  author={L Ford and D Fulkerson},
  publisher={Princeton University Press},
  year={1962}
}
@book{Brassard,
  title={Fundamentals of Algorithmics},
  author={Gilles Brassard and Paul Bratley},
  year={1995}
}